<collection xmlns:xsi="http://www.w3.org/2001/XMLSchema-instance" xmlns="http://www.loc.gov/MARC21/slim" xsi:schemaLocation="http://www.loc.gov/MARC21/slim http://www.loc.gov/standards/marcxml/schema/MARC21slim.xsd">

<record>
  <leader>02426ckdaa2200385 a 4500</leader>
  <controlfield tag="001">3460393</controlfield>
  <controlfield tag="005">20100226102500.0</controlfield>
  <controlfield tag="008">871022i19481949xx ||| |||||||   0k|eng d</controlfield>
  <datafield tag="035" ind1=" " ind2=" ">
    <subfield code="a">(OCoLC)83869598</subfield>
  </datafield>
  <datafield tag="035" ind1=" " ind2=" ">
    <subfield code="a">(OCoLC)ocm83869598</subfield>
  </datafield>
  <datafield tag="035" ind1=" " ind2=" ">
    <subfield code="a">(CStRLIN)NYDA87-F595</subfield>
  </datafield>
  <datafield tag="035" ind1=" " ind2=" ">
    <subfield code="9">AAA0864AD</subfield>
  </datafield>
  <datafield tag="035" ind1=" " ind2=" ">
    <subfield code="a">(NNC)3460393</subfield>
  </datafield>
  <datafield tag="040" ind1=" " ind2=" ">
    <subfield code="a">NNC</subfield>
    <subfield code="c">NNC</subfield>
    <subfield code="e">gihc</subfield>
  </datafield>
  <datafield tag="043" ind1=" " ind2=" ">
    <subfield code="a">n-us-ny</subfield>
  </datafield>
  <datafield tag="100" ind1="1" ind2=" ">
    <subfield code="a">Ferriss, Hugh,</subfield>
    <subfield code="d">1889-1962.</subfield>
  </datafield>
  <datafield tag="240" ind1="1" ind2="0">
    <subfield code="a">United Nations</subfield>
  </datafield>
  <datafield tag="245" ind1="1" ind2="0">
    <subfield code="a">[Progressive steps, United Nations Headquarters]</subfield>
    <subfield code="h">[graphic] :</subfield>
    <subfield code="b">[perspective drawings]</subfield>
  </datafield>
  <datafield tag="260" ind1=" " ind2=" ">
    <subfield code="c">1948-1949.</subfield>
  </datafield>
  <datafield tag="300" ind1=" " ind2=" ">
    <subfield code="a">3 drawings :</subfield>
    <subfield code="b">various media ;</subfield>
    <subfield code="c">45.6 x 69.9 cm. (17 7/8 x 27 4/8 in.) or smaller.</subfield>
  </datafield>
  <datafield tag="500" ind1=" " ind2=" ">
    <subfield code="a">Title and information about drawings taken from Power in buildings / Hugh Ferriss, 1953, plates 43a, 43b, 43c.</subfield>
  </datafield>
  <datafield tag="500" ind1=" " ind2=" ">
    <subfield code="a">Bracketed information extrapolated by cataloger.</subfield>
  </datafield>
  <datafield tag="500" ind1=" " ind2=" ">
    <subfield code="a">This set consists of 1 drawing, graphite on paper; 1 drawing, graphite on tracing paper; and 1 drawing, graphite on board.</subfield>
  </datafield>
  <datafield tag="650" ind1=" " ind2="7">
    <subfield code="a">International organization buildings.</subfield>
    <subfield code="2">aat</subfield>
  </datafield>
  <datafield tag="655" ind1=" " ind2="7">
    <subfield code="a">Perspective drawings.</subfield>
    <subfield code="2">aat</subfield>
  </datafield>
  <datafield tag="651" ind1=" " ind2="0">
    <subfield code="a">New York (N.Y.)</subfield>
  </datafield>
  <datafield tag="650" ind1=" " ind2="0">
    <subfield code="a">Architecture</subfield>
    <subfield code="z">United States</subfield>
    <subfield code="v">Designs and plans.</subfield>
  </datafield>
  <datafield tag="610" ind1="2" ind2="0">
    <subfield code="a">United Nations.</subfield>
  </datafield>
  <datafield tag="710" ind1="2" ind2=" ">
    <subfield code="a">United Nations.</subfield>
  </datafield>
  <datafield tag="755" ind1=" " ind2=" ">
    <subfield code="a">Pencil drawings.</subfield>
    <subfield code="2">aat</subfield>
  </datafield>
  <datafield tag="799" ind1="4" ind2="3">
    <subfield code="a">The Hugh Ferriss collection of architectural drawings.</subfield>
  </datafield>
  <datafield tag="789" ind1="0" ind2=" ">
    <subfield code="l">[1]</subfield>
    <subfield code="i">NYDA.1000.001.00284.</subfield>
    <subfield code="t">[Perspective drawing, General Assembly Building] :</subfield>
    <subfield code="n">study #159,</subfield>
    <subfield code="d">12/19/48.</subfield>
    <subfield code="p">Graphite on tracing paper ; 45.6 x 69.9 cm. (17 7/8 x 27 4/8 in.).</subfield>
    <subfield code="o">Drawing appears as plate 43a in Power in Buildings.</subfield>
  </datafield>
  <datafield tag="789" ind1="0" ind2=" ">
    <subfield code="l">[2]</subfield>
    <subfield code="i">NYDA.1000.001.00285.</subfield>
    <subfield code="t">[Perspective drawing, Secretariat Court] :</subfield>
    <subfield code="n">study #147.</subfield>
    <subfield code="p">Graphite on paper ; 37 x 53.7 cm. (14 4/8 x 21 1/8 in.).</subfield>
    <subfield code="o">Drawing appears as plate 43b of Power in Buildings.</subfield>
    <subfield code="o">On verso: Perspective of U.N. Complex on right side of sheet drawn in brown pencil.</subfield>
    <subfield code="o">On verso: partial lettering below drawing: "View from South : Automobile arrived cou [sic] Delegate : Cars enter and leave beneath Assem[bly] building in distance--".</subfield>
  </datafield>
  <datafield tag="789" ind1="0" ind2=" ">
    <subfield code="l">[3]</subfield>
    <subfield code="i">NYDA.1000.001.00286.</subfield>
    <subfield code="t">[Perspective drawing, conference area] :</subfield>
    <subfield code="n">study #171,</subfield>
    <subfield code="d">Aug. 10/48.</subfield>
    <subfield code="p">Graphite on board ; 42.2 x 61.9 cm. (16 5/8 x 24 5/8 in.).</subfield>
    <subfield code="o">Drawing appears as plate 43c in Power in Buildings.</subfield>
    <subfield code="o">Typed label pasted to lower left hand corner: "One of 67 drawings made in 1948-50 of progressive stages in the design [sic] for U.N.".</subfield>
  </datafield>
  <datafield tag="900" ind1=" " ind2=" ">
    <subfield code="a">AUTH</subfield>
  </datafield>
</record>

</collection>